% Encoding: UTF-8
%% This BibTeX bibliography file was created using BibDesk.
%% http://bibdesk.sourceforge.net/

%% Created for Afsaneh Rahbar at 2016-03-27 15:00:16 -0500 


%% Saved with string encoding Unicode (UTF-8) ]]\

@inproceedings{stentz1994optimal,
  title={Optimal and efficient path planning for partially-known environments},
  author={Stentz, Anthony},
  booktitle={ICRA},
  volume={94},
  pages={3310--3317},
  year={1994}
}

@ONLINE{ChalmersClassExercise,
author = {Atze van der Ploeg},
title = {TDA567 Testing Debugging and Verification class exercises {@ONLINE}},
year = {2016},
url = {http://www.cse.chalmers.se/edu/year/2016/course/course/TDA567_Testing_debugging_and_verification/Exercises/}
}

@article{weide2008incremental,
  title={Incremental benchmarks for software verification tools and techniques},
  author={Weide, Bruce and Sitaraman, Murali and Harton, Heather and Adcock, Bruce and Bucci, Paolo and Bronish, Derek and Heym, Wayne and Kirschenbaum, Jason and Frazier, David},
  journal={Verified Software: Theories, Tools, Experiments},
  pages={84--98},
  year={2008},
  publisher={Springer}
}

@incollection{ray2010overview,
  title={Overview of Formal Verification},
  author={Ray, Sandip},
  booktitle={Scalable Techniques for Formal Verification},
  pages={9--23},
  year={2010},
  publisher={Springer}
}

@article{verco1996software,
  title={Software for detecting suspected plagiarism: Comparing structure and attribute-counting systems},
  author={Verco, Kristina L and Wise, Michael J},
  journal={ACSE},
  volume={96},
  year={1996}
}

@article{moussiades2005pdetect,
  title={PDetect: A clustering approach for detecting plagiarism in source code datasets},
  author={Moussiades, Lefteris and Vakali, Athena},
  journal={The computer journal},
  volume={48},
  number={6},
  pages={651--661},
  year={2005},
  publisher={Oxford University Press}
}

@inproceedings{liu2006gplag,
  title={GPLAG: detection of software plagiarism by program dependence graph analysis},
  author={Liu, Chao and Chen, Chen and Han, Jiawei and Yu, Philip S},
  booktitle={Proceedings of the 12th ACM SIGKDD international conference on Knowledge discovery and data mining},
  pages={872--881},
  year={2006},
  organization={ACM}
}


@article{prechelt2002finding,
  title={Finding plagiarisms among a set of programs with JPlag},
  author={Prechelt, Lutz and Malpohl, Guido and Philippsen, Michael},
  journal={J. UCS},
  volume={8},
  number={11},
  pages={1016},
  year={2002}
}

@inproceedings{cui2010code,
  title={Code comparison system based on abstract syntax tree},
  author={Cui, Baojiang and Li, Jiansong and Guo, Tao and Wang, Jianxin and Ma, Ding},
  booktitle={Broadband Network and Multimedia Technology (IC-BNMT), 2010 3rd IEEE International Conference on},
  pages={668--673},
  year={2010},
  organization={IEEE}
}

@article{aiken2004moss,
  title={Moss: A system for detecting software plagiarism},
  author={Aiken, Alex},
  journal={http://www. cs. berkeley. edu/\~{} aiken/moss. html},
  year={2004}
}

@InProceedings{Filliatre:2lines,
  author = 	 {Jean-Christophe Filli{\^a}tre},
  title = 	 {Verifying two lines of {C} with {Why3}: an exercise in
                  program verification},
  booktitle =	 {Verified Software: Theories, Tools, Experiments ---
                  4th International Conference, VSTTE 2012},
  pages =	 {83-97},
  year =	 {2012},
  editor =	 {Rajeev Joshi and Peter M{\"u}ller and Andreas Podelski},
  volume =	 {7152},
  series =	 lncs,
  month =	 jan,
  publisher =	 {Springer},
}

@article{parker1989computer,
  title={Computer algorithms for plagiarism detection},
  author={Parker, Alan and Hamblen, James O},
  journal={IEEE Transactions on Education},
  volume={32},
  number={2},
  pages={94--99},
  year={1989},
  publisher={IEEE}
}

@article{halstead1977elements,
  title={Elements of software science},
  author={Halstead, Maurice H},
  year={1977},
  publisher={North-Holland}
}

@inproceedings{arwin2006plagiarism,
  title={Plagiarism detection across programming languages},
  author={Arwin, Christian and Tahaghoghi, Seyed MM},
  booktitle={Proceedings of the 29th Australasian Computer Science Conference-Volume 48},
  pages={277--286},
  year={2006},
  organization={Australian Computer Society, Inc.}
}

@article{berghel1984measurements,
  title={Measurements of program similarity in identical task environments},
  author={Berghel, Hal L and Sallach, David L},
  journal={ACM SIGPLAN Notices},
  volume={19},
  number={8},
  pages={65--76},
  year={1984},
  publisher={ACM}
}

@inproceedings{grier1981tool,
  title={A tool that detects plagiarism in Pascal programs},
  author={Grier, Sam},
  booktitle={ACM SIGCSE Bulletin},
  volume={13},
  number={1},
  pages={15--20},
  year={1981},
  organization={ACM}
}

@article{faidhi1987empirical,
  title={An empirical approach for detecting program similarity and plagiarism within a university programming environment},
  author={Faidhi, Jinan AW and Robinson, Stuart K},
  journal={Computers \& Education},
  volume={11},
  number={1},
  pages={11--19},
  year={1987},
  publisher={Elsevier}
}


@article{rinewalt1986development,
  title={?Development and Validation of a Plagiarism Detection Model for the Large Classroom Environment},
  author={Rinewalt, JD and Elizandro, DW and Varnell, RC and Starks, SA},
  journal={Computers in Education (CoED)},
  volume={6},
  number={3},
  pages={9--13},
  year={1986}
}


@inproceedings{bormer2011cost,
  title={The COST IC0701 verification competition 2011},
  author={Bormer, Thorsten and Brockschmidt, Marc and Distefano, Dino and Ernst, Gidon and Filli{\^a}tre, Jean-Christophe and Grigore, Radu and Huisman, Marieke and Klebanov, Vladimir and March{\'e}, Claude and Monahan, Rosemary and others},
  booktitle={International Conference on Formal Verification of Object-Oriented Software},
  pages={3--21},
  year={2011},
  organization={Springer}
}

@inproceedings{klebanov20111st,
  title={The 1st verified software competition: Experience report},
  author={Klebanov, Vladimir and M{\"u}ller, Peter and Shankar, Natarajan and Leavens, Gary T and W{\"u}stholz, Valentin and Alkassar, Eyad and Arthan, Rob and Bronish, Derek and Chapman, Rod and Cohen, Ernie and others},
  booktitle={International Symposium on Formal Methods},
  pages={154--168},
  year={2011},
  organization={Springer}
}

@article{huisman2016verifythis,
  title={VerifyThis 2015: A program verification competition},
  author={Huisman, Marieke and Klebanov, Vladimir and Monahan, Rosemary and Tautschnig, Michael},
  journal={International journal on software tools for technology transfer},
  year={2016},
  publisher={Springer Verlag}
}

@ONLINE{MSRDafnyTest,
author = {Rustan Leino},
title = {Microsoft Dafny test repository {@ONLINE}},
year = {2017},
url = {https://github.com/Microsoft/dafny/tree/master/Test}
}

@ONLINE{ExpressOS,
author = {Haohui Mai},
title = {ExpressOS Kernel{@ONLINE}},
year = {2013},
url = {https://github.com/ExpressOS/expressos/tree/master/Source/ExpressOS.Kernel/Dafny}
}

@ONLINE{VerifyThis16,
author = {Marieke Huisman},
title = {VerifyThis Verification Competition{@ONLINE}},
year = {2016},
url = {http://etaps2016.verifythis.org/solutions}
}



@article{parkinvariant,
  title={Invariant Synthesis for Sound but Incomplete Verification Engines},
  author={Park, D and Neider, D and Saha, S and Garg, P and Mahdian, P and Madhusudan, P}
}


@url{DafnyTestPrograms,
	Date-Added = {2016-03-27 05:03:10 +0000},
	Date-Modified = {2016-03-27 05:03:52 +0000},
	Title = {Dafny Test Programs},
	Urldate = {https://github.com/Microsoft/dafny/tree/master/Test}}

@article{srivastava2013template,
	Author = {Srivastava, Saurabh and Gulwani, Sumit and Foster, Jeffrey S},
	Journal = {International Journal on Software Tools for Technology Transfer},
	Number = {5-6},
	Pages = {497--518},
	Publisher = {Springer},
	Title = {Template-based program verification and program synthesis},
	Volume = {15},
	Year = {2013}}

@inproceedings{dillig2013inductive,
	Author = {Dillig, Isil and Dillig, Thomas and Li, Boyang and McMillan, Ken},
	Booktitle = {ACM SIGPLAN Notices},
	Date-Added = {2015-12-01 05:32:20 +0000},
	Date-Modified = {2015-12-01 05:32:20 +0000},
	Number = {10},
	Organization = {ACM},
	Pages = {443--456},
	Title = {Inductive invariant generation via abductive inference},
	Volume = {48},
	Year = {2013}}

@article{floyd1967assigning,
	Author = {Floyd, Robert W},
	Date-Added = {2015-12-01 04:54:20 +0000},
	Date-Modified = {2015-12-01 04:54:20 +0000},
	Journal = {Mathematical aspects of computer science},
	Number = {19-32},
	Pages = {1},
	Title = {Assigning meanings to programs},
	Volume = {19},
	Year = {1967}}

@article{hoare1969axiomatic,
	Author = {Hoare, Charles Antony Richard},
	Date-Added = {2015-12-01 04:35:18 +0000},
	Date-Modified = {2015-12-01 04:35:18 +0000},
	Journal = {Communications of the ACM},
	Number = {10},
	Pages = {576--580},
	Publisher = {ACM},
	Title = {An axiomatic basis for computer programming},
	Volume = {12},
	Year = {1969}}

@article{garg2015learning,
	Author = {Garg, Pranav and Neider, Daniel and Madhusudan, P and Roth, Dan},
	Date-Added = {2015-12-01 02:31:20 +0000},
	Date-Modified = {2015-12-01 02:31:20 +0000},
	Title = {Learning Invariants using Decision Trees and Implication Counterexamples},
	Year = {2015}}

@article{karr1976affine,
	Author = {Karr, Michael},
	Date-Added = {2015-12-01 02:05:00 +0000},
	Date-Modified = {2015-12-01 02:05:00 +0000},
	Journal = {Acta Informatica},
	Number = {2},
	Pages = {133--151},
	Publisher = {Springer},
	Title = {Affine relationships among variables of a program},
	Volume = {6},
	Year = {1976}}

@inproceedings{cousot1979systematic,
	Author = {Cousot, Patrick and Cousot, Radhia},
	Booktitle = {Proceedings of the 6th ACM SIGACT-SIGPLAN symposium on Principles of programming languages},
	Date-Added = {2015-12-01 02:04:05 +0000},
	Date-Modified = {2015-12-01 02:04:05 +0000},
	Organization = {ACM},
	Pages = {269--282},
	Title = {Systematic design of program analysis frameworks},
	Year = {1979}}

@article{mine2006octagon,
	Author = {Min{\'e}, Antoine},
	Date-Added = {2015-12-01 02:03:19 +0000},
	Date-Modified = {2015-12-01 02:03:19 +0000},
	Journal = {Higher-Order and Symbolic Computation},
	Number = {1},
	Pages = {31--100},
	Publisher = {Springer},
	Title = {The octagon abstract domain},
	Volume = {19},
	Year = {2006}}

@inproceedings{cousot1978automatic,
	Author = {Cousot, Patrick and Halbwachs, Nicolas},
	Booktitle = {Proceedings of the 5th ACM SIGACT-SIGPLAN symposium on Principles of programming languages},
	Date-Added = {2015-12-01 02:02:19 +0000},
	Date-Modified = {2015-12-01 02:02:19 +0000},
	Organization = {ACM},
	Pages = {84--96},
	Title = {Automatic discovery of linear restraints among variables of a program},
	Year = {1978}}

@article{krishna2015learning,
	Author = {Krishna, Siddharth and Puhrsch, Christian and Wies, Thomas},
	Date-Added = {2015-12-01 00:56:37 +0000},
	Date-Modified = {2015-12-01 00:56:37 +0000},
	Journal = {arXiv preprint arXiv:1501.04725},
	Title = {Learning Invariants using Decision Trees},
	Year = {2015}}

@incollection{sharma2013verification,
	Author = {Sharma, Rahul and Gupta, Saurabh and Hariharan, Bharath and Aiken, Alex and Nori, Aditya V},
	Booktitle = {Static Analysis},
	Date-Added = {2015-12-01 00:55:53 +0000},
	Date-Modified = {2015-12-01 00:55:53 +0000},
	Pages = {388--411},
	Publisher = {Springer},
	Title = {Verification as learning geometric concepts},
	Year = {2013}}

@inproceedings{garg2014ice,
	Author = {Garg, Pranav and L{\"o}ding, Christof and Madhusudan, P and Neider, Daniel},
	Booktitle = {Computer Aided Verification},
	Date-Added = {2015-12-01 00:54:38 +0000},
	Date-Modified = {2015-12-01 00:54:38 +0000},
	Organization = {Springer},
	Pages = {69--87},
	Title = {Ice: A robust framework for learning invariants},
	Year = {2014}}

@article{ernst2007daikon,
	Author = {Ernst, Michael D and Perkins, Jeff H and Guo, Philip J and McCamant, Stephen and Pacheco, Carlos and Tschantz, Matthew S and Xiao, Chen},
	Date-Added = {2015-12-01 00:52:31 +0000},
	Date-Modified = {2015-12-01 00:52:31 +0000},
	Journal = {Science of Computer Programming},
	Number = {1},
	Pages = {35--45},
	Publisher = {Elsevier},
	Title = {The Daikon system for dynamic detection of likely invariants},
	Volume = {69},
	Year = {2007}}

@inproceedings{mcmillan2003interpolation,
	Author = {McMillan, Kenneth L},
	Booktitle = {Computer Aided Verification},
	Date-Added = {2015-12-01 00:47:56 +0000},
	Date-Modified = {2015-12-01 00:47:56 +0000},
	Organization = {Springer},
	Pages = {1--13},
	Title = {Interpolation and SAT-based model checking},
	Year = {2003}}

@inproceedings{henzinger2004abstractions,
	Author = {Henzinger, Thomas A and Jhala, Ranjit and Majumdar, Rupak and McMillan, Kenneth L},
	Booktitle = {ACM SIGPLAN Notices},
	Date-Added = {2015-12-01 00:47:17 +0000},
	Date-Modified = {2015-12-01 00:47:17 +0000},
	Number = {1},
	Organization = {ACM},
	Pages = {232--244},
	Title = {Abstractions from proofs},
	Volume = {39},
	Year = {2004}}

@inproceedings{mcmillan2010lazy,
	Author = {McMillan, Kenneth L},
	Booktitle = {Computer Aided Verification},
	Date-Added = {2015-12-01 00:46:36 +0000},
	Date-Modified = {2015-12-01 00:46:36 +0000},
	Organization = {Springer},
	Pages = {104--118},
	Title = {Lazy annotation for program testing and verification},
	Year = {2010}}

@book{solar2008program,
	Author = {Solar-Lezama, Armando},
	Date-Added = {2015-12-01 00:43:29 +0000},
	Date-Modified = {2015-12-01 00:43:29 +0000},
	Publisher = {ProQuest},
	Title = {Program synthesis by sketching},
	Year = {2008}}

@inproceedings{ball2001slam,
	Author = {Ball, Thomas and Rajamani, Sriram K},
	Booktitle = {Computer aided verification},
	Date-Added = {2015-12-01 00:42:28 +0000},
	Date-Modified = {2015-12-01 00:42:28 +0000},
	Organization = {Springer},
	Pages = {260--264},
	Title = {The SLAM toolkit},
	Year = {2001}}

@incollection{henzinger2003software,
	Author = {Henzinger, Thomas A and Jhala, Ranjit and Majumdar, Rupak and Sutre, Gr{\'e}goire},
	Booktitle = {Model Checking Software},
	Date-Added = {2015-12-01 00:41:45 +0000},
	Date-Modified = {2015-12-01 00:41:45 +0000},
	Pages = {235--239},
	Publisher = {Springer},
	Title = {Software verification with BLAST},
	Year = {2003}}

@inproceedings{gupta2009invgen,
	Author = {Gupta, Ashutosh and Rybalchenko, Andrey},
	Booktitle = {Computer Aided Verification},
	Date-Added = {2015-12-01 00:39:47 +0000},
	Date-Modified = {2015-12-01 00:39:47 +0000},
	Organization = {Springer},
	Pages = {634--640},
	Title = {Invgen: An efficient invariant generator},
	Year = {2009}}

@inproceedings{colon2003linear,
	Author = {Col{\'o}n, Michael A and Sankaranarayanan, Sriram and Sipma, Henny B},
	Booktitle = {Computer Aided Verification},
	Date-Added = {2015-12-01 00:37:32 +0000},
	Date-Modified = {2015-12-01 00:37:32 +0000},
	Organization = {Springer},
	Pages = {420--432},
	Title = {Linear invariant generation using non-linear constraint solving},
	Year = {2003}}

@article{cousot1977automatic,
	Author = {Cousot, Patrick and Cousot, Radhia},
	Date-Added = {2015-12-01 00:23:16 +0000},
	Date-Modified = {2015-12-01 00:23:16 +0000},
	Journal = {ACM Sigplan Notices},
	Number = {8},
	Pages = {1--12},
	Publisher = {ACM},
	Title = {Automatic synthesis of optimal invariant assertions: Mathematical foundations},
	Volume = {12},
	Year = {1977}}

@article{emmisberger2014integrating,
	Author = {Emmisberger, Patrick},
	Date-Added = {2015-10-27 14:01:25 +0000},
	Date-Modified = {2015-10-27 14:01:25 +0000},
	Title = {Integrating dynamic test generation with sound verification},
	Year = {2014}}

@InProceedings{sankaranarayanan2005scalable,
  author       = {Sankaranarayanan, Sriram and Sipma, Henny B and Manna, Zohar},
  title        = {Scalable analysis of linear systems using mathematical programming},
  booktitle    = {International Workshop on Verification, Model Checking, and Abstract Interpretation},
  year         = {2005},
  organization = {Springer},
  pages        = {25--41},
}

@Article{sankaranarayanan2004non,
  author    = {Sankaranarayanan, Sriram and Sipma, Henny B and Manna, Zohar},
  title     = {Non-linear loop invariant generation using Gr{\"o}bner bases},
  journal   = {ACM SIGPLAN Notices},
  year      = {2004},
  volume    = {39},
  number    = {1},
  pages     = {318--329},
  publisher = {ACM},
}

@InProceedings{sankaranarayanan2004constraint,
  author       = {Sankaranarayanan, Sriram and Sipma, Henny B and Manna, Zohar},
  title        = {Constraint-based linear-relations analysis},
  booktitle    = {SAS},
  year         = {2004},
  volume       = {4},
  organization = {Springer},
  pages        = {53--68},
}

@InProceedings{kapur2006automatically,
  author       = {Kapur, Deepak},
  title        = {Automatically generating loop invariants using quantifier elimination},
  booktitle    = {Dagstuhl Seminar Proceedings},
  year         = {2006},
  organization = {Schloss Dagstuhl-Leibniz-Zentrum f{\"u}r Informatik},
}

@InProceedings{cousot2005proving,
  author       = {Cousot, Patrick},
  title        = {Proving program invariance and termination by parametric abstraction, lagrangian relaxation and semidefinite programming},
  booktitle    = {VMCAI},
  year         = {2005},
  volume       = {3385},
  organization = {Springer},
  pages        = {1--24},
}

@Article{gulwani2008program,
  author    = {Gulwani, Sumit and Srivastava, Saurabh and Venkatesan, Ramarathnam},
  title     = {Program analysis as constraint solving},
  journal   = {ACM SIGPLAN Notices},
  year      = {2008},
  volume    = {43},
  number    = {6},
  pages     = {281--292},
  publisher = {ACM},
}

@InProceedings{gupta2009tests,
  author       = {Gupta, Ashutosh and Majumdar, Rupak and Rybalchenko, Andrey},
  title        = {From tests to proofs},
  booktitle    = {International Conference on Tools and Algorithms for the Construction and Analysis of Systems},
  year         = {2009},
  organization = {Springer},
  pages        = {262--276},
}

@InProceedings{gulwani2009constraint,
  author       = {Gulwani, Sumit and Srivastava, Saurabh and Venkatesan, Ramarathnam},
  title        = {Constraint-Based Invariant Inference over Predicate Abstraction.},
  booktitle    = {VMCAI},
  year         = {2009},
  volume       = {9},
  organization = {Springer},
  pages        = {120--135},
}

@InProceedings{beyer2007invariant,
  author       = {Beyer, Dirk and Henzinger, Thomas A and Majumdar, Rupak and Rybalchenko, Andrey},
  title        = {Invariant synthesis for combined theories},
  booktitle    = {VMCAI},
  year         = {2007},
  volume       = {4349},
  organization = {Springer},
  pages        = {378--394},
}

@Misc{ProVerif,
  title        = {{Program Verification} Program Verification},
  howpublished = {\url{https://en.wikipedia.org/wiki/Formal_verification}},
  note         = {Accessed: 2017-09-16},
}

@Article{Alur2015,
  author        = {Alur, Rajeev and Henzinger, Thomas A and Vardi, Moshe Y},
  title         = {Theory in practice for system design and verification},
  journal       = {ACM Siglog News},
  year          = {2015},
  volume        = {2},
  number        = {1},
  pages         = {46--51},
  __markedentry = {[AR:6]},
  publisher     = {Acm},
}

@WWW{2017,
  title         = {Formal verification},
  year          = {2017},
  date          = {2017-09-16},
  url           = {https://en.wikipedia.org/wiki/Formal_verification},
  __markedentry = {[AR:6]},
}

@Article{Dijkstra1972,
  author        = {Dijkstra, Edsger W},
  title         = {The humble programmer},
  journal       = {Communications of the ACM},
  year          = {1972},
  volume        = {15},
  number        = {10},
  pages         = {859--866},
  __markedentry = {[AR:6]},
  publisher     = {ACM},
}

@InProceedings{Heizmann2013,
  author        = {Heizmann, Matthias and Christ, J{\"u}rgen and Dietsch, Daniel and Ermis, Evren and Hoenicke, Jochen and Lindenmann, Markus and Nutz, Alexander and Schilling, Christian and Podelski, Andreas},
  title         = {Ultimate automizer with SMTInterpol},
  booktitle     = {TACAS},
  year          = {2013},
  organization  = {Springer},
  pages         = {641--643},
  __markedentry = {[AR:6]},
}

@InProceedings{Beyer2011,
  author        = {Beyer, Dirk and Keremoglu, M Erkan},
  title         = {A tool for configurable software verification},
  booktitle     = {CAV. LNCS},
  year          = {2011},
  volume        = {6806},
  organization  = {Springer},
  pages         = {184--190},
  __markedentry = {[AR:6]},
}

@InProceedings{Gascon2017,
  author        = {Gasc{\'o}n, Adri{\`a} and Tiwari, Ashish and Carmer, Brent and Mathur, Umang},
  title         = {Look for the Proof to Find the Program: Decorated-Component-Based Program Synthesis},
  booktitle     = {International Conference on Computer Aided Verification},
  year          = {2017},
  organization  = {Springer},
  pages         = {86--103},
  __markedentry = {[AR:6]},
}

@TechReport{Boyer1984,
  author        = {Boyer, Robert S. and Moore, J. Strother},
  title         = {Program verification},
  institution   = {TEXAS UNIV AT AUSTIN INST FOR COMPUTING SCIENCE AND COMPUTER APPLICATIONS},
  year          = {1984},
  __markedentry = {[AR:6]},
}

@book{nipkow2002isabelle,
  title={Isabelle/HOL: a proof assistant for higher-order logic},
  author={Nipkow, Tobias and Paulson, Lawrence C and Wenzel, Markus},
  volume={2283},
  year={2002},
  publisher={Springer Science \& Business Media}
}

@article{flanagan2013pldi,
  title={PLDI 2002: Extended static checking for Java},
  author={Flanagan, Cormac and Leino, K Rustan M and Lillibridge, Mark and Nelson, Greg and Saxe, James B and Stata, Raymie},
  journal={ACM Sigplan Notices},
  volume={48},
  number={4S},
  pages={22--33},
  year={2013},
  publisher={ACM}
}

@InProceedings{leino2010dafny,
  author       = {Leino, K Rustan M},
  title        = {Dafny: An automatic program verifier for functional correctness},
  booktitle    = {International Conference on Logic for Programming Artificial Intelligence and Reasoning},
  year         = {2010},
  organization = {Springer},
  pages        = {348--370},
}

@incollection{manna1986deductive,
  title={A deductive approach to program synthesis},
  author={Manna, Zohar and Waldinger, Richard},
  booktitle={Readings in artificial intelligence and software engineering},
  pages={3--34},
  year={1986},
  publisher={Elsevier}
}

@InProceedings{Lu18,
  author       = {Lu,Yanxin and Chaudhuri, Swarat and Jermaine, Christopher and Melski, David},
  title        = {Program Splicing},
  booktitle    = {International Conference on Software Engineering},
  year         = {2018},
  organization = {},
  pages        = {},
}

@InProceedings{mehta2003proving,
  author       = {Mehta, Farhad and Nipkow, Tobias},
  title        = {Proving pointer programs in higher-order logic},
  booktitle    = {International Conference on Automated Deduction},
  year         = {2003},
  organization = {Springer},
  pages        = {121--135},
}

@InProceedings{brandt2010example,
  author       = {Brandt, Joel and Dontcheva, Mira and Weskamp, Marcos and Klemmer, Scott R},
  title        = {Example-centric programming: integrating web search into the development environment},
  booktitle    = {Proceedings of the SIGCHI Conference on Human Factors in Computing Systems},
  year         = {2010},
  organization = {ACM},
  pages        = {513--522},
}

@InProceedings{mishne2012typestate,
  author       = {Mishne, Alon and Shoham, Sharon and Yahav, Eran},
  title        = {Typestate-based semantic code search over partial programs},
  booktitle    = {Acm Sigplan Notices},
  year         = {2012},
  volume       = {47},
  number       = {10},
  organization = {ACM},
  pages        = {997--1016},
}

@InProceedings{raychev2014code,
  author       = {Raychev, Veselin and Vechev, Martin and Yahav, Eran},
  title        = {Code completion with statistical language models},
  booktitle    = {ACM SIGPLAN Notices},
  year         = {2014},
  volume       = {49},
  number       = {6},
  organization = {ACM},
  pages        = {419--428},
}

@Article{lu2017data,
  author  = {Lu, Yanxin and Chaudhuri, Swarat and Jermaine, Chris and Melski, David},
  title   = {Data-Driven Program Completion},
  journal = {arXiv preprint arXiv:1705.09042},
  year    = {2017},
}

@InProceedings{raychev2015predicting,
  author       = {Raychev, Veselin and Vechev, Martin and Krause, Andreas},
  title        = {Predicting program properties from big code},
  booktitle    = {ACM SIGPLAN Notices},
  year         = {2015},
  volume       = {50},
  number       = {1},
  organization = {ACM},
  pages        = {111--124},
}

@InProceedings{bichsel2016statistical,
  author       = {Bichsel, Benjamin and Raychev, Veselin and Tsankov, Petar and Vechev, Martin},
  title        = {Statistical deobfuscation of Android applications},
  booktitle    = {Proceedings of the 2016 ACM SIGSAC Conference on Computer and Communications Security},
  year         = {2016},
  organization = {ACM},
  pages        = {343--355},
}

@InProceedings{katz2016estimating,
  author       = {Katz, Omer and El-Yaniv, Ran and Yahav, Eran},
  title        = {Estimating types in binaries using predictive modeling},
  booktitle    = {ACM SIGPLAN Notices},
  year         = {2016},
  volume       = {51},
  number       = {1},
  organization = {ACM},
  pages        = {313--326},
}

@Article{greitschus2017refining,
  author  = {Greitschus, Marius and Dietsch, Daniel and Podelski, Andreas},
  title   = {Refining Trace Abstraction using Abstract Interpretation},
  journal = {arXiv preprint arXiv:1702.02369},
  year    = {2017},
}

@InProceedings{cousot1977abstract,
  author       = {Cousot, Patrick and Cousot, Radhia},
  title        = {Abstract interpretation: a unified lattice model for static analysis of programs by construction or approximation of fixpoints},
  booktitle    = {Proceedings of the 4th ACM SIGACT-SIGPLAN symposium on Principles of programming languages},
  year         = {1977},
  organization = {ACM},
  pages        = {238--252},
}

@Article{cousot1992abstract,
  author    = {Cousot, Patrick and Cousot, Radhia},
  title     = {Abstract interpretation frameworks},
  journal   = {Journal of logic and computation},
  year      = {1992},
  volume    = {2},
  number    = {4},
  pages     = {511--547},
  publisher = {Oxford University Press},
}

@Article{plans1994ieee,
  author = {Plans, Validation},
  title  = {IEEE Guide for Software Verification and Validation Plans},
  year   = {1994},
}

@InProceedings{flanagan2001houdini,
  author       = {Flanagan, Cormac and Leino, K Rustan M},
  title        = {Houdini, an annotation assistant for ESC/Java},
  booktitle    = {International Symposium of Formal Methods Europe},
  year         = {2001},
  organization = {Springer},
  pages        = {500--517},
}

@InProceedings{bradley2005linear,
  author       = {Bradley, Aaron and Manna, Zohar and Sipma, Henny},
  title        = {Linear ranking with reachability},
  booktitle    = {Computer Aided Verification},
  year         = {2005},
  organization = {Springer},
  pages        = {247--250},
}

@Article{gopan2007guided,
  author    = {Gopan, Denis and Reps, Thomas},
  title     = {Guided static analysis},
  journal   = {Static Analysis},
  year      = {2007},
  pages     = {349--365},
  publisher = {Springer},
}

@InProceedings{sankaranarayanan2006static,
  author       = {Sankaranarayanan, Sriram and Ivan{\v{c}}i{\'c}, Franjo and Shlyakhter, Ilya and Gupta, Aarti},
  title        = {Static analysis in disjunctive numerical domains},
  booktitle    = {International Static Analysis Symposium},
  year         = {2006},
  organization = {Springer},
  pages        = {3--17},
}

@InProceedings{sharma2012interpolants,
  author       = {Sharma, Rahul and Nori, Aditya V and Aiken, Alex},
  title        = {Interpolants as classifiers},
  booktitle    = {International Conference on Computer Aided Verification},
  year         = {2012},
  organization = {Springer},
  pages        = {71--87},
}

@InProceedings{sharma2013data,
  author       = {Sharma, Rahul and Gupta, Saurabh and Hariharan, Bharath and Aiken, Alex and Liang, Percy and Nori, Aditya V},
  title        = {A Data Driven Approach for Algebraic Loop Invariants.},
  booktitle    = {ESOP},
  year         = {2013},
  volume       = {13},
  organization = {Springer},
  pages        = {574--592},
}

@InProceedings{garg2013learning,
  author       = {Garg, Pranav and L{\"o}ding, Christof and Madhusudan, P and Neider, Daniel},
  title        = {Learning universally quantified invariants of linear data structures},
  booktitle    = {International Conference on Computer Aided Verification},
  year         = {2013},
  organization = {Springer},
  pages        = {813--829},
}

@InProceedings{kong2010automatically,
  author       = {Kong, Soonho and Jung, Yungbum and David, Cristina and Wang, Bow-Yaw and Yi, Kwangkeun},
  title        = {Automatically Inferring Quantified Loop Invariants by Algorithmic Learning from Simple Templates.},
  booktitle    = {APLAS},
  year         = {2010},
  volume       = {6461},
  organization = {Springer},
  pages        = {328--343},
}

@Article{flanagan2001annotation,
  author    = {Flanagan, Cormac and Joshi, Rajeev and Leino, K Rustan M},
  title     = {Annotation inference for modular checkers},
  journal   = {Information Processing Letters},
  year      = {2001},
  volume    = {77},
  number    = {2-4},
  pages     = {97--108},
  publisher = {Elsevier},
}

@Comment{jabref-meta: databaseType:biblatex;}
